<?xml version="1.0" encoding="UTF-8"?><collection xmlns="http://www.loc.gov/MARC21/slim"><record><leader>00445nam--2200157-i-4500</leader><controlfield tag="001">000012974</controlfield><controlfield tag="002">20161230</controlfield><controlfield tag="005">20161230201030</controlfield><controlfield tag="008">060222s1000------------r-----000-0-eng-d</controlfield><datafield ind1=" " ind2=" " tag="100"><subfield code="a">J.E.Marsden And M.Mccracken</subfield></datafield><datafield ind1=" " ind2=" " tag="245"><subfield code="a">The hopf bifurcation and its applications</subfield></datafield><datafield ind1=" " ind2=" " tag="260"><subfield code="a">New York, Springer-verlag, 1976</subfield></datafield><datafield ind1=" " ind2=" " tag="490"><subfield code="a">Applied Mathematical Science</subfield></datafield><datafield ind1=" " ind2=" " tag="700"><subfield code="a">Fritz, John /S.A.</subfield></datafield><datafield ind1=" " ind2=" " tag="852"><subfield code="a">46911</subfield><subfield code="c">517.9</subfield></datafield><datafield ind1=" " ind2=" " tag="CAT"><subfield code="a">Sys</subfield><subfield code="c">20090304</subfield><subfield code="h">100001</subfield></datafield></record></collection>